@article{o2016cistrome,
  title={Cistrome and epicistrome features shape the regulatory DNA landscape},
  author={Oâ€™Malley, Ronan C and Huang, Shao-shan Carol and Song, Liang and Lewsey, Mathew G and Bartlett, Anna and Nery, Joseph R and Galli, Mary and Gallavotti, Andrea and Ecker, Joseph R},
  journal={Cell},
  volume={165},
  number={5},
  pages={1280--1292},
  year={2016},
  publisher={Elsevier}
}
@article{korkmaz2016functional,
  title={Functional genetic screens for enhancer elements in the human genome using CRISPR-Cas9},
  author={Korkmaz, Gozde and Lopes, Rui and Ugalde, Alejandro P and Nevedomskaya, Ekaterina and Han, Ruiqi and Myacheva, Ksenia and Zwart, Wilbert and Elkon, Ran and Agami, Reuven},
  journal={Nature biotechnology},
  volume={34},
  number={2},
  pages={192},
  year={2016},
  publisher={Nature Publishing Group}
}
@article{ghandi2014enhanced,
  title={Enhanced regulatory sequence prediction using gapped k-mer features},
  author={Ghandi, Mahmoud and Lee, Dongwon and Mohammad-Noori, Morteza and Beer, Michael A},
  journal={PLoS computational biology},
  volume={10},
  number={7},
  pages={e1003711},
  year={2014},
  publisher={Public Library of Science}
}
@article{zeng2018prediction,
  title={Prediction of enhancer-promoter interactions via natural language processing},
  author={Zeng, Wanwen and Wu, Mengmeng and Jiang, Rui},
  journal={BMC genomics},
  volume={19},
  number={2},
  pages={84},
  year={2018},
  publisher={BioMed Central}
}
@article{shen2018recurrent,
  title={Recurrent Neural Network for Predicting Transcription Factor Binding Sites},
  author={Shen, Zhen and Bao, Wenzheng and Huang, De-Shuang},
  journal={Scientific reports},
  volume={8},
  number={1},
  pages={15270},
  year={2018},
  publisher={Nature Publishing Group}
}
@article{hochreiter1997long,
  title={Long short-term memory},
  author={Hochreiter, Sepp and Schmidhuber, J{\"u}rgen},
  journal={Neural computation},
  volume={9},
  number={8},
  pages={1735--1780},
  year={1997},
  publisher={MIT Press}
}
@article{cho2014learning,
  title={Learning phrase representations using RNN encoder-decoder for statistical machine translation},
  author={Cho, Kyunghyun and Van Merri{\"e}nboer, Bart and Gulcehre, Caglar and Bahdanau, Dzmitry and Bougares, Fethi and Schwenk, Holger and Bengio, Yoshua},
  journal={arXiv preprint arXiv:1406.1078},
  year={2014}
}